@inproceedings{li2017pruning,
  title={Pruning filters for efficient {ConvNets}},
  author={Li, Hao and Kadav, Asim and Durdanovic, Igor and Samet, Hanan and Graf, Hans},
  year={2017},
  booktitle={International Conference on Learning Representation (ICLR)},
}

@inproceedings{luo2017thinet,
  title={Thinet: A filter level pruning method for deep neural network compression},
  author={Luo, Jian-Hao and Wu, Jianxin and Lin, Weiyao},
  booktitle={The IEEE International Conference on Computer
Vision (ICCV)},
  year={2017}
}

@inproceedings{han2015deep,
  title={Deep compression: Compressing deep neural networks with pruning, trained quantization and huffman coding},
  author={Han, Song and Mao, Huizi and Dally, William J},
  booktitle={International
Conference on Learning Representations (ICLR),},
  year={2015}
}

@inproceedings{ye2018rethinking,
  title={Rethinking the Smaller-Norm-Less-Informative Assumption in Channel Pruning of Convolution Layers},
  author={Ye, Jianbo and Lu, Xin and Lin, Zhe and Wang, James Z},
  booktitle={International Conference on Learning Representation (ICLR)},
  year={2018}
}

@inproceedings{liu2017learning,
  title={Learning efficient convolutional networks through network slimming},
  author={Liu, Zhuang and Li, Jianguo and Shen, Zhiqiang and Huang, Gao and Yan, Shoumeng and Zhang, Changshui},
  booktitle={Computer Vision (ICCV), 2017 IEEE International Conference on},
  year={2017},
}

@inproceedings{he2017channel,
  title={Channel pruning for accelerating very deep neural networks},
  author={He, Yihui and Zhang, Xiangyu and Sun, Jian},
  booktitle={International Conference on Computer Vision (ICCV)},
  year={2017}
}

@article{dai2017nest,
  title={NeST: a neural network synthesis tool based on a grow-and-prune paradigm},
  author={Dai, Xiaoliang and Yin, Hongxu and Jha, Niraj K},
  journal={arXiv preprint arXiv:1711.02017},
  year={2017}
}

@inproceedings{aghasi2017nettrim,
  title={Net-trim: Convex pruning of deep neural networks with performance guarantee},
  author={Aghasi, Alireza and Abdi, Afshin and Nguyen, Nam and Romberg, Justin},
  booktitle={Advances in Neural Information Processing Systems},
  pages={3177--3186},
  year={2017}
}

@inproceedings{dong2017learning,
  title={Learning to prune deep neural networks via layer-wise optimal brain surgeon},
  author={Dong, Xin and Chen, Shangyu and Pan, Sinno},
  booktitle={Advances in Neural Information Processing Systems},
  pages={4857--4867},
  year={2017}
}

@article{iandola2016squeezenet,
  title={SqueezeNet: AlexNet-level accuracy with 50x fewer parameters and< 0.5 MB model size},
  author={Iandola, Forrest N and Han, Song and Moskewicz, Matthew W and Ashraf, Khalid and Dally, William J and Keutzer, Kurt},
  journal={arXiv preprint arXiv:1602.07360},
  year={2016}
}

@article{howard2017mobilenet,
  title={Mobilenets: Efficient convolutional neural networks for mobile vision applications},
  author={Howard, Andrew G and Zhu, Menglong and Chen, Bo and Kalenichenko, Dmitry and Wang, Weijun and Weyand, Tobias and Andreetto, Marco and Adam, Hartwig},
  journal={arXiv preprint arXiv:1704.04861},
  year={2017}
}

@inproceedings{sandler2018mobilenetv2,
  title={MobileNetV2: Inverted Residuals and Linear Bottlenecks},
  author={Sandler, Mark and Howard, Andrew and Zhu, Menglong and Zhmoginov, Andrey and Chen, Liang-Chieh},
  booktitle={Proceedings of the IEEE Conference on Computer Vision and Pattern Recognition},
  pages={4510--4520},
  year={2018}
}

@article{zhang2017shufflenet,
  title={Shufflenet: An extremely efficient convolutional neural network for mobile devices},
  author={Zhang, Xiangyu and Zhou, Xinyu and Lin, Mengxiao and Sun, Jian},
  journal={arXiv preprint arXiv:1707.01083},
  year={2017}
}

@inproceedings{rastegari2016xnor,
  title={Xnor-net: Imagenet classification using binary convolutional neural networks},
  author={Rastegari, Mohammad and Ordonez, Vicente and Redmon, Joseph and Farhadi, Ali},
  booktitle={European Conference on Computer Vision},
  pages={525--542},
  year={2016},
  organization={Springer}
}

@article{zhou2016dorefa,
  title={Dorefa-net: Training low bitwidth convolutional neural networks with low bitwidth gradients},
  author={Zhou, Shuchang and Wu, Yuxin and Ni, Zekun and Zhou, Xinyu and Wen, He and Zou, Yuheng},
  journal={arXiv preprint arXiv:1606.06160},
  year={2016}
}

@article{hubara2017quantized,
  title={Quantized neural networks: Training neural networks with low precision weights and activations},
  author={Hubara, Itay and Courbariaux, Matthieu and Soudry, Daniel and El-Yaniv, Ran and Bengio, Yoshua},
  journal={The Journal of Machine Learning Research},
  volume={18},
  number={1},
  pages={6869--6898},
  year={2017},
  publisher={JMLR. org}
}

@inproceedings{ullrich2017soft,
  title={Soft weight-sharing for neural network compression},
  author={Ullrich, Karen and Meeds, Edward and Welling, Max},
  jbooktitle={International Conference on Learning Representation (ICLR)},
  year={2017}
}

@inproceedings{zhou2017incremental,
  title={Incremental network quantization: Towards lossless cnns with low-precision weights},
  author={Zhou, Aojun and Yao, Anbang and Guo, Yiwen and Xu, Lin and Chen, Yurong},
  booktitle={International Conference on Learning Representation (ICLR)},
  year={2017}
}

@inproceedings{chen2015compressing,
  title={Compressing neural networks with the hashing trick},
  author={Chen, Wenlin and Wilson, James and Tyree, Stephen and Weinberger, Kilian and Chen, Yixin},
  booktitle={International Conference on Machine Learning},
  pages={2285--2294},
  year={2015}
}

@inproceedings{han2015learning,
  title={Learning both weights and connections for efficient neural network},
  author={Han, Song and Pool, Jeff and Tran, John and Dally, William},
  booktitle={Advances in neural information processing systems},
  pages={1135--1143},
  year={2015}
}

@inproceedings{molchanov2017variational,
  title={Variational Dropout Sparsifies Deep Neural Networks},
  author={Molchanov, Dmitry and Ashukha, Arsenii and Vetrov, Dmitry},
  booktitle={International Conference on Machine Learning},
  pages={2498--2507},
  year={2017}
}

@inproceedings{molchanov2016pruning,
  title={Pruning convolutional neural networks for resource efficient inference},
  author={Molchanov, Pavlo and Tyree, Stephen and Karras, Tero and Aila, Timo and Kautz, Jan},
  booktitle={International Conference on Learning Representation (ICLR)},
  year={2016}
}

@inproceedings{denton2014exploiting,
  title={Exploiting linear structure within convolutional networks for efficient evaluation},
  author={Denton, Emily L and Zaremba, Wojciech and Bruna, Joan and LeCun, Yann and Fergus, Rob},
  booktitle={Advances in neural information processing systems},
  pages={1269--1277},
  year={2014}
}

@inproceedings{jaderberg2014speeding,
  title={Speeding up Convolutional Neural Networks with Low Rank Expansions},
  author={Jaderberg, Max and Vedaldi, Andrea and Zisserman, Andrew},
  booktitle={Proceedings of the British Machine Vision Conference. BMVA Press},
  year={2014}
}

@article{lebedev2014speeding,
  title={Speeding-up convolutional neural networks using fine-tuned cp-decomposition},
  author={Lebedev, Vadim and Ganin, Yaroslav and Rakhuba, Maksim and Oseledets, Ivan and Lempitsky, Victor},
  journal={arXiv preprint arXiv:1412.6553},
  year={2014}
}

@inproceedings{yang2015deep,
  title={Deep fried convnets},
  author={Yang, Zichao and Moczulski, Marcin and Denil, Misha and de Freitas, Nando and Smola, Alex and Song, Le and Wang, Ziyu},
  booktitle={Proceedings of the IEEE International Conference on Computer Vision},
  pages={1476--1483},
  year={2015}
}

@inproceedings{novikov2015tensorizing,
  title={Tensorizing neural networks},
  author={Novikov, Alexander and Podoprikhin, Dmitrii and Osokin, Anton and Vetrov, Dmitry P},
  booktitle={Advances in Neural Information Processing Systems},
  pages={442--450},
  year={2015}
}

@inproceedings{wu2016quantized,
  title={Quantized convolutional neural networks for mobile devices},
  author={Wu, Jiaxiang and Leng, Cong and Wang, Yuhang and Hu, Qinghao and Cheng, Jian},
  booktitle={Proceedings of the IEEE Conference on Computer Vision and Pattern Recognition},
  pages={4820--4828},
  year={2016}
}

@article{hinton2015distilling,
  title={Distilling the knowledge in a neural network},
  author={Hinton, Geoffrey and Vinyals, Oriol and Dean, Jeff},
  journal={arXiv preprint arXiv:1503.02531},
  year={2015}
}

@article{srivastava2014dropout,
  title={Dropout: a simple way to prevent neural networks from overfitting},
  author={Srivastava, Nitish and Hinton, Geoffrey and Krizhevsky, Alex and Sutskever, Ilya and Salakhutdinov, Ruslan},
  journal={The Journal of Machine Learning Research},
  volume={15},
  number={1},
  pages={1929--1958},
  year={2014},
  publisher={JMLR. org}
}

@inproceedings{louizos2017learning,
  title={Learning Sparse Neural Networks through $ L\_0 $ Regularization},
  author={Louizos, Christos and Welling, Max and Kingma, Diederik P},
  booktitle={International Conference on Learning Representation (ICLR)},
  year={2017}
}

@inproceedings{mishra2017apprentice,
  title={Apprentice: Using knowledge distillation techniques to improve low-precision network accuracy},
  author={Mishra, Asit and Marr, Debbie},
  booktitle={International Conference on Learning Representation (ICLR)},
  year={2017}
}

@inproceedings{courbariaux2015binaryconnect,
  title={Binaryconnect: Training deep neural networks with binary weights during propagations},
  author={Courbariaux, Matthieu and Bengio, Yoshua and David, Jean-Pierre},
  booktitle={Advances in neural information processing systems},
  pages={3123--3131},
  year={2015}
}

@inproceedings{zhu2016trained,
  title={Trained ternary quantization},
  author={Zhu, Chenzhuo and Han, Song and Mao, Huizi and Dally, William J},
  booktitle={International Conference on Learning Representation (ICLR)},
  year={2016}
}

@inproceedings{louizos2017bayesian,
  title={Bayesian compression for deep learning},
  author={Louizos, Christos and Ullrich, Karen and Welling, Max},
  booktitle={Advances in Neural Information Processing Systems},
  pages={3288--3298},
  year={2017}
}

@inproceedings{polino2018model,
  title={Model compression via distillation and quantization},
  author={Polino, Antonio and Pascanu, Razvan and Alistarh, Dan},
  booktitle={International Conference on Learning Representation (ICLR)},
  year={2018}
}

@inproceedings{xie2018interleaved,
  title={Interleaved Structured Sparse Convolutional Neural Networks},
  author={Xie, Guotian and Wang, Jingdong and Zhang, Ting and Lai, Jianhuang and Hong, Richang and Qi, Guo-Jun},
  booktitle={Proceedings of the IEEE Conference on Computer Vision and Pattern Recognition},
  pages={8847--8856},
  year={2018}
}

@article{abadi2016tensorflow,
  title={TensorFlow: A system for large-scale machine learning},
  author={Abadi, Mart{\'\i}n and Barham, Paul and Chen, Jianmin and Chen, Zhifeng and Davis, Andy and Dean, Jeffrey and Devin, Matthieu and Ghemawat, Sanjay and Irving, Geoffrey and Isard, Michael and others},
  journal={arXiv preprint arXiv:1605.08695},
  year={2016}
}

@article{paszke2017automatic,
  title={Automatic differentiation in PyTorch},
  author={Paszke, Adam and Gross, Sam and Chintala, Soumith and Chanan, Gregory and Yang, Edward and DeVito, Zachary and Lin, Zeming and Desmaison, Alban and Antiga, Luca and Lerer, Adam},
  year={2017}
}

@article{chen2015mxnet,
  title={Mxnet: A flexible and efficient machine learning library for heterogeneous distributed systems},
  author={Chen, Tianqi and Li, Mu and Li, Yutian and Lin, Min and Wang, Naiyan and Wang, Minjie and Xiao, Tianjun and Xu, Bing and Zhang, Chiyuan and Zhang, Zheng},
  journal={arXiv preprint arXiv:1512.01274},
  year={2015}
}

@article{mikolov2013efficient,
  title={Efficient estimation of word representations in vector space},
  author={Mikolov, Tomas and Chen, Kai and Corrado, Greg and Dean, Jeffrey},
  journal={arXiv preprint arXiv:1301.3781},
  year={2013}
}

@inproceedings{mikolov2013distributed,
  title={Distributed representations of words and phrases and their compositionality},
  author={Mikolov, Tomas and Sutskever, Ilya and Chen, Kai and Corrado, Greg S and Dean, Jeff},
  booktitle={Advances in neural information processing systems},
  pages={3111--3119},
  year={2013}
}
